@Article{Nikopoulos2000,
  author = 	 {N. Nikopoulos},
  title = 	 {An efficient algorithm for 3d binary morphological transformations with 3d structuring elements or arbitrary size and shape},
  journal = 	 {IEEE Transactions on Image Processing},
  year = 	 2000,
  volume =	 9,
  number =	 3,
  pages =	 {283-286}
}
